% --------- EXAMPLES ----------

@INPROCEEDINGS{4538384,
author={Yuen, C. and Oudalov, A.},
booktitle={Power Tech, 2007 IEEE Lausanne}, title={The Feasibility and Profitability of Ancillary Services Provision from Multi-MicroGrids},
year={2007},
month={july},
volume={},
number={},
pages={598 -603},
keywords={ancillary services market;ancillary services provision;distribution network;energy demand;energy markets;intentional islanded mode;multimicrogrids;petrol shortage;renewable energy supplies;small coordinated generation units;distributed power generation;distribution networks;power markets;},
doi={10.1109/PCT.2007.4538384},
ISSN={},}

@ARTICLE{5357331,
author={Farhangi, H.},
journal={Power and Energy Magazine, IEEE}, title={The path of the smart grid},
year={2010},
month={january-february },
volume={8},
number={1},
pages={18 -28},
keywords={business processes;electrical power industry;energy cost;mass electrification;smart grid;electricity supply industry;power grids;},
doi={10.1109/MPE.2009.934876},
ISSN={1540-7977},}

@INPROCEEDINGS{4523385,
author={Tsoukalas, L.H. and Gao, R.},
booktitle={Electric Utility Deregulation and Restructuring and Power Technologies, 2008. DRPT 2008. Third International Conference on}, title={From smart grids to an energy internet: Assumptions, architectures and requirements},
year={2008},
month={april},
volume={},
number={},
pages={94 -98},
keywords={data packets;delivery infrastructure;energy Internet;energy flows;self healing capabilities;smart grids;Internet;power engineering computing;power grids;},
doi={10.1109/DRPT.2008.4523385},
ISSN={},}

@ARTICLE{1705631, 
author={Blaabjerg, F. and Teodorescu, R. and Liserre, M. and Timbus, A.V.}, 
journal={Industrial Electronics, IEEE Transactions on}, title={Overview of Control and Grid Synchronization for Distributed Power Generation Systems}, 
year={2006}, 
month={oct. }, 
volume={53}, 
number={5}, 
pages={1398 -1409}, 
keywords={Denmark;Germany;Japan;USA;distributed power generation;fault treatment;fuel cell;grid synchronization;grid-side converter;islanding protection;low-order harmonics compensation;photovoltaics;power quality;renewable energy sources;safety;wind turbines;distributed power generation;power distribution control;power distribution faults;power distribution protection;power grids;power supply quality;power system harmonics;safety;synchronisation;}, 
doi={10.1109/TIE.2006.881997}, 
ISSN={0278-0046},}

@article{kappa,
    author = "Albert Einstein",
    title = "{Zur Elektrodynamik bewegter K{\"o}rper}. ({German})
    [{On} the electrodynamics of moving bodies]",
    journal = "Annalen der Physik",
    volume = "322",
    number = "10",
    pages = "891--921",
    year = "1905",
    DOI = "http://dx.doi.org/10.1002/andp.19053221004",
    keywords = "physics"
}


@book{dirac,
    title = {The Principles of Quantum Mechanics},
    author = {Paul Adrien Maurice Dirac},
    isbn = {9780198520115},
    series = {International series of monographs on physics},
    year = {1981},
    publisher = {Clarendon Press},
    keywords = {physics}
}

@inbook{knuth-fa,
    author = "Donald E. Knuth",
    title = "Fundamental Algorithms",
    publisher = "Addison-Wesley",
    year = "1973",
    chapter = "1.2",
    keywords  = "knuth,programming"
}

%---------------- OFFICIAL -------------------
@misc{googleVision,
    title = "Google Vision API",
    howpublished = "\url{https://cloud.google.com/vision/?hl=it}"
}


@misc{googleDown,
    title = "Google-Image-Download", howpublished="\url{https://github.com/hardikvasa/google-images-download}"
}

@misc{microsoftAzure,
    title = "Computer Vision Microsoft Azure",
    howpublished="\url{https://azure.microsoft.com/en-us/services/cognitive-services/computer-vision/}"
}

@misc{amazonReko,
    title ="Amazon Rekognition", howpublished="\url{https://aws.amazon.com/it/rekognition/}"
    }

@misc{openCv,
    title = "OpenCV",
    howpublished="\url{https://opencv.org/}"}
    
@misc{surf,
    title = "Speeded Up Robust Features", howpublished="\url{https://www.vision.ee.ethz.ch/\~surf/eccv06.pdf}"
}

@misc{kaze,
title ="KAZE",
howpublished="\url{https://www.doc.ic.ac.uk/\~ajd/Publications/alcantarilla\_etal\_eccv2012.pdf}"}

@misc{xamarin,
title = "Xamarin Framework", howpublished="\url{https://visualstudio.microsoft.com/it/xamarin/}"}

@misc{accordNet,
title = "Accord .NET Framework",
howpublished="\url{http://accord-framework.net/}"}

@misc{emguCv,
title = "EmguCV",
howpublished="\url{http://www.emgu.com/}"}

@misc{mlNet,
title = "ML .NET Framework", howpublished="\url{https://dotnet.microsoft.com/apps/machinelearning-ai/ml-dotnet}"}

@misc{tensorFlow,
title = "Tensorflow Framework", 
howpublished="\url{https://www.tensorflow.org/}"}

@misc{mobileNet,
title = "MobileNet V2 model", howpublished="\url{https://github.com/tensorflow/models/tree/master/research/slim/nets/mobilenet}"}

@misc{tensorflowSharp,
title = "TensorFlowSharp, .NET bindings for Tensorflow", howpublished="\url{https://github.com/migueldeicaza/TensorFlowSharp}"}

@misc{oauth,
title ="Oauth Protocol", 
howpublished="\url{https://oauth.net/}"}

@misc{flann,
title="FLANN - Fast Library for Approximate Nearest Neighbors", howpublished="\url{https://www.cs.ubc.ca/research/flann/}"}

@misc{keras,
  title={Keras},
  author={Chollet, Fran\c{c}ois and others},
  year={2015},
  howpublished={\url{https://keras.io}},
}

@misc{docker,
title="Docker containers", howpublished="\url{https://www.docker.com}"}

